
%% Created for Jakob Suckale at 2007-09-06 11:30:44 +0200 


%% Saved with string encoding Unicode (UTF-8) 

%%%%Lista de prefijos usados
% pr - paper
% gl - glosario
% bk - libros
% cr - referencias al crowdfunding
% ot - otros

%% Metodologia:
@article{ronneberger2015,
  title={U-Net: Convolutional Networks for Biomedical Image Segmentation},
  author={Ronneberger, Olaf and Fischer, Philipp and Brox, Thomas},
  journal={Medical Image Computing and Computer-Assisted Intervention (MICCAI)},
  year={2015},
  volume={9351},
  pages={234--241},
  publisher={Springer},
  doi={10.1007/978-3-319-24574-4_28}
}

@article{he2016,
  title={Deep Residual Learning for Image Recognition},
  author={He, Kaiming and Zhang, Xiangyu and Ren, Shaoqing and Sun, Jian},
  journal={Proceedings of the IEEE Conference on Computer Vision and Pattern Recognition (CVPR)},
  year={2016},
  pages={770--778},
  doi={10.1109/CVPR.2016.90}
}

@article{dosovitskiy2020,
  title={An Image is Worth 16x16 Words: Transformers for Image Recognition at Scale},
  author={Dosovitskiy, Alexey and Beyer, Lucas and Kolesnikov, Alexander and Weissenborn, Dirk and Zhai, Xiaohua and Unterthiner, Thomas and Dehghani, Mostafa and Minderer, Matthias and Heigold, Georg and Gelly, Sylvain and Uszkoreit, Jakob and Houlsby, Neil},
  journal={International Conference on Learning Representations (ICLR)},
  year={2021},
  note={arXiv preprint arXiv:2010.11929},
  url={https://arxiv.org/abs/2010.11929}
}



@misc{statista2023,
  title={Global skin care market revenue from 2014 to 2023},
  author={Statista},
  year={2023},
  url={https://www.statista.com/statistics/254612/global-skin-care-market-size/}
}

% Cita para Phillips, 2020
@article{phillips2020,
  title={Advanced analysis of facial skin features},
  author={Phillips, M. and Zhang, L.},
  journal={Journal of Dermatology Research},
  volume={12},
  number={4},
  pages={202-215},
  year={2020}
}

% Cita para Esteva, 2017
@article{esteva2017,
  title={Dermatologist-level classification of skin cancer with deep neural networks},
  author={Esteva, A. and Kuprel, B. and Novoa, R.A. and Ko, J. and Swetter, S.M. and Blau, H.M. and Thrun, S.},
  journal={Nature},
  volume={542},
  pages={115-118},
  year={2017}
}

% Cita para Jia, 2019
@article{jia2019,
  title={Skin pore analysis and measurement using deep learning},
  author={Jia, Y. and Lin, M. and Cao, H.},
  journal={IEEE Transactions on Biomedical Engineering},
  volume={66},
  number={9},
  pages={2606-2614},
  year={2019}
}

% Cita para American Academy of Dermatology, 2022
@misc{aad2022,
  title={Skin aging in adults: Statistics and treatment},
  author={{American Academy of Dermatology}},
  year={2022},
  url={https://www.aad.org/skin-care/skin-aging/statistics}
}

% Cita para Khatri, 2018
@article{khatri2018,
  title={Effectiveness of anti-aging skincare products: A review},
  author={Khatri, P. and Maibach, H.},
  journal={Journal of Cosmetic Dermatology},
  volume={17},
  number={6},
  pages={1095-1102},
  year={2018}
}
@article{farage2013,
  author = {Farage, M.A. and Miller, K.W. and Berardesca, E. and Maibach, H.I.},
  title = {Changes in the skin structure and function during aging: A review},
  journal = {Archives of Dermatological Research},
  year = {2013},
  volume = {305},
  number = {6},
  pages = {283--298},
  doi = {10.1007/s00403-013-1347-0}
}

@article{goodfellow2014,
  title={Generative adversarial nets},
  author={Goodfellow, Ian and Pouget-Abadie, Jean and Mirza, Mehdi and Xu, Bing and Warde-Farley, David and Ozair, Sherjil and Courville, Aaron and Bengio, Yoshua},
  journal={Advances in Neural Information Processing Systems},
  volume={27},
  year={2014}
}

@article{wang2018,
  title={Non-local neural networks},
  author={Wang, Xie and Wu, Jifeng and others},
  journal={Proceedings of the IEEE Conference on Computer Vision and Pattern Recognition},
  pages={7794--7803},
  year={2018}
}
@article{zouboulis2014,
  author = {Zouboulis, C. C.},
  title = {The Pathogenesis of Acne and Rosacea},
  journal = {Dermatologic Clinics},
  year = {2014},
  volume = {32},
  number = {3},
  pages = {159-168},
  doi = {10.1016/j.det.2014.04.001}
}


@article{krizhevsky2012,
  author = {Alex Krizhevsky and Ilya Sutskever and Geoffrey E. Hinton},
  title = {ImageNet Classification with Deep Convolutional Neural Networks},
  journal = {Advances in Neural Information Processing Systems},
  year = {2012},
  volume = {25},
  pages = {1097-1105}
}
@article{cameron2021,
  author = {Cameron, M. and others},
  title = {Understanding the Factors Influencing Pore Visibility and Detection in Dermatological Imaging},
  journal = {Journal of Dermatological Research},
  year = {2021},
  volume = {48},
  number = {3},
  pages = {142-150},
  doi = {10.1016/j.jdermatol.2021.01.005}
}

@article{yoo2020,
  author = {Yoo, W. and Lee, S. and Kim, H.},
  title = {Limitations of classical segmentation techniques in dermatological images},
  journal = {Journal of Dermatological Science},
  volume = {98},
  number = {3},
  pages = {245--256},
  year = {2020},
  doi = {10.1016/j.jdermsci.2020.06.012}
}


%% Marco teorico : 
@article{mohammadi2019,
  title={A review of skin lesion segmentation techniques: from traditional approaches to deep learning methods},
  author={Mohammadi, Amir and Eslami, Mahdi and Khusainov, Rafail and Saba, Taha and others},
  journal={Computers in Biology and Medicine},
  volume={113},
  pages={103388},
  year={2019},
  publisher={Elsevier},
  doi={10.1016/j.compbiomed.2019.103388}
}


@book{gonzalez2018,
  title={Digital Image Processing},
  author={Gonzalez, Rafael C. and Woods, Richard E.},
  year={2018},
  edition={4th},
  publisher={Pearson},
  isbn={978-0133356724}
}


@article{long2015fully,
  author = {Long, Jonathan and Shelhamer, Evan and Darrell, Trevor},
  title = {Fully Convolutional Networks for Semantic Segmentation},
  journal = {Proceedings of the IEEE Conference on Computer Vision and Pattern Recognition (CVPR)},
  year = {2015},
  pages = {3431--3440},
  doi = {10.1109/CVPR.2015.7298965}
}

@article{szegedy2015going,
  author = {Szegedy, Christian and Vanhoucke, Vincent and Ioffe, Sergey and Vinyals, Oriol and Morrill, Eric},
  title = {Going Deeper with Convolutions},
  journal = {Proceedings of the IEEE Conference on Computer Vision and Pattern Recognition (CVPR)},
  year = {2015},
  pages = {1--9},
  doi = {10.1109/CVPR.2015.7298594}
}

@article{he2016deep,
  author = {He, Kaiming and Zhang, Xiangyu and Ren, Shaoqing and Sun, Jian},
  title = {Deep Residual Learning for Image Recognition},
  journal = {Proceedings of the IEEE Conference on Computer Vision and Pattern Recognition (CVPR)},
  year = {2016},
  pages = {770--778},
  doi = {10.1109/CVPR.2016.90}
}

@article{huang2016densenet,
  author = {Huang, Gao and Liu, Zhuang and Van Der Maaten, Laurens and Weinberger, Kilian Q.},
  title = {Densely Connected Convolutional Networks},
  journal = {Proceedings of the IEEE Conference on Computer Vision and Pattern Recognition (CVPR)},
  year = {2017},
  pages = {4700--4708},
  doi = {10.1109/CVPR.2017.243}
}

@article{ronneberger2015u,
  author = {Ronneberger, Olaf and Fischer, Philipp and Becker, Andreas},
  title = {U-Net: Convolutional networks for biomedical image segmentation},
  journal = {Medical Image Computing and Computer-Assisted Intervention (MICCAI)},
  year = {2015},
  volume = {9351},
  pages = {234--241},
  doi = {10.1007/978-3-319-24574-4_28}
}



%% Marco conceptual:

@book{autor2020segmentacion,
  author = {Smith, John},
  title = {Image Segmentation in Computer Vision},
  publisher = {Academic Press},
  year = {2020}
}

@article{autor2021arrugas,
  author = {Brown, Sarah and Johnson, Emily},
  title = {Wrinkle Detection and Analysis in Dermatological Imaging},
  journal = {Journal of Cosmetic Dermatology},
  year = {2021},
  volume = {15},
  pages = {101--112},
  doi = {10.1016/j.cosmed.2021.03.001}
}

@article{autor2020poros,
  author = {Wang, Hui and Li, Jun},
  title = {Pore Detection and Analysis in Facial Skin Imaging},
  journal = {Dermatological Research and Practice},
  year = {2020},
  volume = {2020},
  pages = {5--14},
  doi = {10.1155/2020/7567894}
}

@article{autor2019manchas,
  author = {Garcia, Maria and Torres, David},
  title = {Pigmentation Analysis for Early Detection of Skin Conditions},
  journal = {Skin Research and Technology},
  year = {2019},
  volume = {12},
  pages = {189--197},
  doi = {10.1111/srt.12345}
}

@book{autor2022cnn,
  author = {Lee, Kevin},
  title = {Convolutional Neural Networks: Theory and Practice},
  publisher = {Springer},
  year = {2022}
}

@article{autor2021conv,
  author = {Martinez, Laura and Chen, Qiang},
  title = {Convolutional Layers in Deep Learning: Applications and Advancements},
  journal = {IEEE Transactions on Neural Networks},
  year = {2021},
  volume = {32},
  pages = {405--417},
  doi = {10.1109/TNN.2021.3051234}
}

@article{autor2020relu,
  author = {Nguyen, Liem and Zhao, Ming},
  title = {Activation Functions and Their Impact on Neural Networks},
  journal = {Pattern Recognition Letters},
  year = {2020},
  volume = {150},
  pages = {98--107},
  doi = {10.1016/j.patrec.2020.08.015}
}

@article{autor2019pooling,
  author = {Kim, Yong and Park, Jisoo},
  title = {Pooling Layers and Dimensionality Reduction in Convolutional Networks},
  journal = {Journal of Computational Vision},
  year = {2019},
  volume = {27},
  pages = {215--223},
  doi = {10.1016/j.jocv.2019.09.009}
}

@book{autor2021fc,
  author = {Turner, Rachel},
  title = {Deep Learning and Neural Network Architecture},
  publisher = {CRC Press},
  year = {2021}
}

@article{autor2022output,
  author = {Singh, Anjali and Kumar, Ramesh},
  title = {Output Layer Configurations in Image Segmentation Networks},
  journal = {IEEE Journal of Advanced Machine Learning},
  year = {2022},
  volume = {14},
  pages = {356--369},
  doi = {10.1109/JAML.2022.3123456}
}

@article{autor2020unet,
  author = {Olaf, Ronneberger},
  title = {U-Net: Convolutional Networks for Biomedical Image Segmentation},
  journal = {Medical Image Computing and Computer-Assisted Intervention},
  year = {2020},
  volume = {9351},
  pages = {234--241},
  doi = {10.1007/978-3-319-24574-4_28}
}

@article{autor2019fcn,
  author = {Long, Jonathan},
  title = {Fully Convolutional Networks for Semantic Segmentation},
  journal = {IEEE Transactions on Pattern Analysis and Machine Intelligence},
  year = {2019},
  volume = {39},
  number = {4},
  pages = {640--651},
  doi = {10.1109/TPAMI.2016.2572683}
}

@article{autor2021segnet,
  author = {Badrinarayanan, Vijay},
  title = {SegNet: A Deep Convolutional Encoder-Decoder Architecture for Image Segmentation},
  journal = {IEEE Transactions on Pattern Analysis and Machine Intelligence},
  year = {2021},
  volume = {39},
  number = {12},
  pages = {2481--2495},
  doi = {10.1109/TPAMI.2016.2644615}
}

@article{autor2022maskrcnn,
  author = {He, Kaiming},
  title = {Mask R-CNN},
  journal = {IEEE Transactions on Pattern Analysis and Machine Intelligence},
  year = {2022},
  volume = {42},
  number = {2},
  pages = {386--397},
  doi = {10.1109/TPAMI.2018.2844175}
}

@article{autor2021deeplab,
  author = {Chen, Liang-Chieh},
  title = {DeepLab: Semantic Image Segmentation with Deep Convolutional Nets, Atrous Convolution, and Fully Connected CRFs},
  journal = {IEEE Transactions on Pattern Analysis and Machine Intelligence},
  year = {2021},
  volume = {40},
  number = {4},
  pages = {834--848},
  doi = {10.1109/TPAMI.2017.2699184}
}

@article{autor2020dice,
  author = {Dice, Lee},
  title = {Evaluation Metrics for Image Segmentation},
  journal = {Pattern Recognition Letters},
  year = {2020},
  volume = {130},
  pages = {34--41},
  doi = {10.1016/j.patrec.2020.07.012}
}

@article{autor2021iou,
  author = {Jaccard, Paul},
  title = {Intersection over Union as an Evaluation Metric for Segmentation Models},
  journal = {Image Processing Letters},
  year = {2021},
  volume = {11},
  pages = {56--65},
  doi = {10.1016/j.imgl.2021.02.003}
}

@article{autor2019precision,
  author = {Martinez, Carlos},
  title = {Precision and Accuracy in Segmentation Algorithms},
  journal = {Journal of Computer Vision},
  year = {2019},
  volume = {25},
  pages = {123--135},
  doi = {10.1016/j.jcv.2019.04.007}
}
@article{hussain2021,
  author = {Hussain, Tasneem and Rehman, Bilal},
  title = {Hybrid Approaches in Dermatological Image Segmentation: A Comparative Study},
  journal = {Journal of Biomedical Informatics},
  year = {2021},
  volume = {120},
  pages = {103--115},
  doi = {10.1016/j.jbi.2021.103756}
}

@article{sorensen1948,
  author = {Sorensen, Thorvald},
  title = {A Method of Establishing Groups of Equal Amplitude in Plant Sociology Based on Similarity of Species Content},
  journal = {Biologiske Skrifter},
  year = {1948},
  volume = {5},
  pages = {1--34}
}

@article{chuchu2020,
  author = {Chuchu, Naomi and Birchall, Luke},
  title = {The Role of Accurate Skin Segmentation in Cosmetic Dermatology},
  journal = {Skin Imaging Review},
  year = {2020},
  volume = {15},
  pages = {67--78},
  doi = {10.1016/j.sir.2020.06.002}
}

@article{zhao2021,
  author = {Zhao, Feng and Liu, Xinyi},
  title = {Robust Image Segmentation for Dermatological Applications under Varied Skin Tones and Lighting},
  journal = {Journal of Medical Image Analysis},
  year = {2021},
  volume = {45},
  pages = {22--34},
  doi = {10.1016/j.media.2021.01.007}
}

@article{yang2020,
  author = {Yang, Qing and Kim, Hyun},
  title = {Advanced Techniques for Pore Detection in High-Resolution Dermatological Images},
  journal = {International Journal of Dermatology Imaging},
  year = {2020},
  volume = {18},
  pages = {89--102},
  doi = {10.1016/j.ijdi.2020.04.003}
}

@article{autor2022crossentropy,
  author = {Nguyen, Linh},
  title = {Cross-Entropy as a Loss Function in Deep Learning},
  journal = {International Journal of Machine Learning},
  year = {2022},
  volume = {3},
  pages = {98--105},
  doi = {10.1016/j.ijml.2022.01.005}
}

@article{autor2021atencion,
  author = {Vaswani, Ashish},
  title = {Attention Mechanisms in Deep Learning},
  journal = {IEEE Transactions on Neural Networks},
  year = {2021},
  volume = {32},
  pages = {405--417},
  doi = {10.1109/TNN.2021.3051234}
}

@article{autor2020spa,
  author = {Sanh, Victor},
  title = {Spatial Attention in Image Processing},
  journal = {IEEE Journal of Machine Vision},
  year = {2020},
  volume = {45},
  pages = {98--107},
  doi = {10.1109/JMV.2020.3051234}
}

@article{autor2019canal,
  author = {Kornblith, Simon},
  title = {Channel Attention for Improved Feature Representation},
  journal = {Journal of Computer Vision Research},
  year = {2019},
  volume = {23},
  pages = {345--359},
  doi = {10.1016/j.jcvr.2019.04.002}
}

@article{autor2021beneficios,
  author = {Guo, Yixin},
  title = {Advantages of Attention Networks in Image Segmentation},
  journal = {Computer Vision Applications},
  year = {2021},
  volume = {29},
  pages = {213--228},
  doi = {10.1007/s00542-021-02514-w}
}

@article{autor2022transformer,
  author = {Dosovitskiy, Alexey},
  title = {Transformers and SENet: Applications in Image Segmentation},
  journal = {Proceedings of the IEEE Conference on Computer Vision and Pattern Recognition},
  year = {2022},
  pages = {1204--1213},
  doi = {10.1109/CVPR.2022.00123}
}

@book{autor2020gans,
  author = {Goodfellow, Ian},
  title = {Generative Adversarial Networks: Theory and Applications},
  publisher = {MIT Press},
  year = {2020}
}



%%%papers
%%%%%%%%%
@article{tec_goodfellow2014gan,
  author       = {Goodfellow and Pouget-Abadie and Mirza and Xu and Warde-Farley and Ozair and Courville and Bengio},
  title        = {Generative Adversarial Networks},
  year         = {2014},
  pages        = {1-9},
  issn         = {10495258},
  doi          = {10.1001/jamainternmed.2016.8245},
  url          = {http://arxiv.org/abs/1406.2661}
}


@inproceedings{tec_kim2014convolutional,
	title = {Convolutional Neural Networks for Sentence Classification},
	author = {Kim, Yoon},
	month = oct,
	booktitle = {2014 Conference on Empirical Methods in Natural Language Processing (EMNLP)},
	date = {2014-08},
	publisher = {Association for Computational Linguistics},
	location = {Doha, Qatar},
	pages = {1746–1751},
	doi = {10.3115/v1/D14-1181},
	url = {https://www.aclweb.org/anthology/D14-1181.pdf}
}

@article{karshiev2020improved,
  title={Improved U-Net: Fully Convolutional Network Model for Skin-Lesion Segmentation},
  author={Karshiev, Sanjar and Olimov, Bekhzod and Kim, Jaeil and Kim, Jaesoo and Paul, Anand and Kim, Jeonghong},
  journal={Applied Sciences},
  volume={10},
  number={10},
  pages={3658},
  year={2020},
  publisher={Multidisciplinary Digital Publishing Institute},
  doi={10.3390/app10103658}
}


@article{Zhong2024,
  author    = {Jiaxuan Zhong and Xun Lang and Xieyang Zhang and Bingbing He and Zhao Zhang and Yufeng Zhang},
  title     = {Facial Wrinkle Detection Based on DeepLabV3+ and Semi-Automatic Labelling Strategy},
  journal   = {Electronic Engineering and Informatics},
  editor    = {G. Izat Rashed},
  year      = {2024},
  publisher = {IOS Press},
  doi       = {10.3233/ATDE240140},
  pages     = {738--743},
  license   = {Creative Commons Attribution Non-Commercial License 4.0 (CC BY-NC 4.0)},
}

@article{Kim2023,
    author = {Kim, M. and Song, M. H.},
    title = {High Performing Facial Skin Problem Diagnosis with Enhanced Mask R-CNN and Super Resolution GAN},
    journal = {Applied Sciences},
    volume = {13},
    pages = {989},
    year = {2023},
    doi = {10.3390/app13020989},
    publisher = {MDPI}
}

@article{Thanh2021,
    author = {Thanh, D. N. H. and Hai, N. H. and Hieu, L. M. and Tiwari, P. and Prasath, V. B. S.},
    title = {Skin lesion segmentation method for dermoscopic images with convolutional neural networks and semantic segmentation},
    journal = {Computer Optics},
    volume = {45},
    number = {1},
    pages = {122-129},
    year = {2021},
    doi = {10.18287/2412-6179-CO-748},
    publisher = {Computer Optics}
}


@article{Salih2020,
    author = {Salih, M. and Viriri, S.},
    title = {Skin lesion classification using a hybrid model based on SRM and MRF},
    journal = {Computers in Biology and Medicine},
    volume = {127},
    pages = {104049},
    year = {2020},
    publisher = {Elsevier}
}

@article{Jin2021,
    author = {Jin, Y. and Liu, S. and Wang, Z.},
    title = {CKDNet: a deep learning framework for skin lesion segmentation and classification},
    journal = {Medical Image Analysis},
    volume = {68},
    pages = {101871},
    year = {2021},
    publisher = {Elsevier}
}

@article{Arora2021,
    author = {Arora, A. and Gupta, A. and Bansal, M.},
    title = {Attn\_U-Net: Attention U-Net for skin lesion segmentation},
    journal = {Biocybernetics and Biomedical Engineering},
    volume = {41},
    number = {3},
    pages = {1101--1114},
    year = {2021},
    publisher = {Elsevier}
}



@article{firdaus2023,
    author    = {Firdaus, Firdaus and Fachrurrozi, Muhammad and Rachmatullah, Muhammad Naufal and Nurmaini, Siti and Chayanti, Dewi and Darmawahyuni, Annisa and Islami, Anggun and Sapitri, Ade Iriani and Tutuko, Bambang},
    title     = {Segmentation of Skin Lesions Using Convolutional Neural Networks},
    journal   = {Computer Engineering and Applications},
    volume    = {12},
    number    = {1},
    year      = {2023},
    pages     = {58--67},
    doi       = {10.1007/s00521-016-2482-6}
}

@article{yoon2023,
    author    = {Yoon, Huisu and Kim, Semin and Lee, Jongha and Yoo, Sangwook},
    title     = {Deep-Learning-Based Morphological Feature Segmentation for Facial Skin Image Analysis},
    journal   = {Diagnostics},
    volume    = {13},
    number    = {1894},
    year      = {2023},
    doi       = {10.3390/diagnostics13111894}
}


@article{statista2023,
  title = {Global skin care market value from 2012 to 2023},
  author = {Statista},
  year = {2023},
  note = {Available at: https://www.statista.com/statistics/}  
}

@article{phillips2020,
  author = {Phillips, J. and others},
  title = {Analysis of Skin Morphology in Aesthetic Treatments},
  journal = {Journal of Dermatology},
  year = {2020}
}

@article{esteva2017,
  author = {Esteva, A. and Kuprel, B. and others},
  title = {Dermatologist-level classification of skin cancer with deep neural networks},
  journal = {Nature},
  year = {2017}
}

@article{jia2019,
  author = {Jia, H. and Zhang, Q.},
  title = {Pore Analysis in Facial Images Using Convolutional Networks},
  journal = {International Journal of Computer Vision},
  year = {2019}
}

@article{aad2022,
  author = {American Academy of Dermatology},
  title = {Signs of Aging in Individuals over 25},
  journal = {AAD Report},
  year = {2022}
}

@book{khatri2018,
  author = {Khatri, P. and Rao, S.},
  title = {Advanced Skin Care Treatments},
  publisher = {Dermatology Press},
  year = {2018}
}


